@incollection{theaetetus,
  title={Theaetetus},
  booktitle={Plato: complete works},
  author={Plato},
  editor={Cooper, John M and Hutchinson, Douglas S and others},
  year={1997},
  publisher={Hackett Publishing}
}

@InCollection{sep-knowledge-analysis,
    author       =  {Ichikawa, Jonathan Jenkins and Steup, Matthias},
    title        =  {The Analysis of Knowledge},
    booktitle    =  {The Stanford Encyclopedia of Philosophy},
    editor       =  {Edward N. Zalta},
    howpublished =  {\url{https://plato.stanford.edu/archives/sum2018/entries/knowledge-analysis/}},
    year         =  {2018},
    edition      =  {Summer 2018},
    publisher    =  {Metaphysics Research Lab, Stanford University}
}

@article{goertzel2014artificial,
  title={Artificial general intelligence: concept, state of the art, and future prospects},
  author={Goertzel, Ben},
  journal={JAGI},
  volume={5},
  pages={1--48},
  year={2014},
  publisher={De Gruyter Open}
}

@inproceedings{elton,
  title={Self-explaining AI as an alternative to interpretable AI},
  author={Elton, Daniel},
  booktitle={ICAGI},
  year={forthcoming}
}